%% This BibTeX bibliography file was created using BibDesk.
%% http://bibdesk.sourceforge.net/
% Encoding: UTF-8

@article{hands,
title = {HANDS: an RGB-D dataset of static hand-gestures for human-robot interaction},
journal = {Data in Brief},
volume = {35},
pages = {106791},
year = {2021},
issn = {2352-3409},
doi = {https://doi.org/10.1016/j.dib.2021.106791},
url = {https://www.sciencedirect.com/science/article/pii/S2352340921000755},
author = {Cristina Nuzzi and Simone Pasinetti and Roberto Pagani and Gabriele Coffetti and Giovanna Sansoni},
}

@article{hagrid,
    title={HaGRID - HAnd Gesture Recognition Image Dataset},
    author={Kapitanov, Alexander and Makhlyarchuk, Andrey and Kvanchiani, Karina},
    journal={arXiv preprint arXiv:2206.08219},
    year={2022}
}

@misc{asl,
    author= {Akash},
    title = {ASL Dataset},
    year = {2018},
    version = {1},
    publisher = {Kaggle},
    url={https://www.kaggle.com/datasets/grassknoted/asl-alphabet}
}

@misc{asl_test,
    author= {Rasband, Dan},
    title = {ASL Dataset Test},
    year = {2018},
    version = {1},
    publisher = {Kaggle},
    url={https://www.kaggle.com/datasets/danrasband/asl-alphabet-test}
}

@misc{project-repository,
    title={Hand-gesture recognition with TinyML},
    author={Molgora, Roberto and Pirillo, Alberto},
    year={2023},
    publisher={GitHub},
    howpublished={\url{https://github.com/albertopirillo/eeai-project-2023}},
}

@article{cuml,
  title={Machine Learning in Python: Main developments and technology trends in data science, machine learning, and artificial intelligence},
  author={Raschka, Sebastian and Patterson, Joshua and Nolet, Corey},
  journal={arXiv preprint arXiv:2002.04803},
  year={2020}
}

@misc{tensorflow,
title={ {TensorFlow}: Large-Scale Machine Learning on Heterogeneous Systems},
url={https://www.tensorflow.org/},
note={Software available from tensorflow.org},
author={
    Mart\'{i}n~Abadi and
    Ashish~Agarwal and
    Paul~Barham and
    Eugene~Brevdo and
    Zhifeng~Chen and
    Craig~Citro and
    Greg~S.~Corrado and
    Andy~Davis and
    Jeffrey~Dean and
    Matthieu~Devin and
    Sanjay~Ghemawat and
    Ian~Goodfellow and
    Andrew~Harp and
    Geoffrey~Irving and
    Michael~Isard and
    Yangqing Jia and
    Rafal~Jozefowicz and
    Lukasz~Kaiser and
    Manjunath~Kudlur and
    Josh~Levenberg and
    Dandelion~Man\'{e} and
    Rajat~Monga and
    Sherry~Moore and
    Derek~Murray and
    Chris~Olah and
    Mike~Schuster and
    Jonathon~Shlens and
    Benoit~Steiner and
    Ilya~Sutskever and
    Kunal~Talwar and
    Paul~Tucker and
    Vincent~Vanhoucke and
    Vijay~Vasudevan and
    Fernanda~Vi\'{e}gas and
    Oriol~Vinyals and
    Pete~Warden and
    Martin~Wattenberg and
    Martin~Wicke and
    Yuan~Yu and
    Xiaoqiang~Zheng},
  year={2015},
}

@misc{edge_impulse,
      title={Edge Impulse: An MLOps Platform for Tiny Machine Learning}, 
      author={Shawn Hymel and Colby Banbury and Daniel Situnayake and Alex Elium and Carl Ward and Mat Kelcey and Mathijs Baaijens and Mateusz Majchrzycki and Jenny Plunkett and David Tischler and Alessandro Grande and Louis Moreau and Dmitry Maslov and Artie Beavis and Jan Jongboom and Vijay Janapa Reddi},
      year={2023},
      eprint={2212.03332},
      archivePrefix={arXiv},
      primaryClass={cs.DC}
}